@misc{Kalman,
 author = {Greg Welch, and Gary Bishop},
 title = {An Introduction to the Kalman Filter},
 note = {University of North Carolina at Chapel Hill Chapel Hill},
 year = July 24,2016 
}


@article{SSD,
author = {Wei Liu, Dragomir Anguelov, Dumitru Erhan, and Christian Szegedy},
title = {SSD: Single Shot MultiBox Detector},
journal = {Computer Vision and Pattern Recognition (cs.CV)}, 
year = Dec 29, 2016
}


@article{Hungarian1,
author = {Harold W. Kuhn},
title = {The Hungarian Method for the assignment problem},
journal = {Naval Research Logistics Quarterly},
volume = 2, 
number = 1, 
pages = {83--97}, 
year = 1955
}


@article{Hungarian2,
author = {Harold W. Kuhn},
title = {Variants of the Hungarian method for assignment problems},
journal = {Naval Research Logistics Quarterly},
volume = 3, 
number = 1, 
pages = {253--258}, 
year = 1956
}

